
<marc:record><marc:leader>02027nam a2200457 a 4500</marc:leader>
<marc:controlfield tag="001">000841589</marc:controlfield>
<marc:controlfield tag="005">20240529083800.0</marc:controlfield><marc:controlfield tag="006">m        d f      </marc:controlfield><marc:controlfield tag="007">cr bn|||||||||</marc:controlfield><marc:controlfield tag="008">120719s2007    dcu     ob   f000 0 eng c</marc:controlfield><marc:datafield tag="035" ind1=" " ind2=" "><marc:subfield code="a">(OCoLC)800773744</marc:subfield></marc:datafield><marc:datafield tag="040" ind1=" " ind2=" "><marc:subfield code="a">GPO</marc:subfield><marc:subfield code="b">eng</marc:subfield><marc:subfield code="c">GPO</marc:subfield></marc:datafield><marc:datafield tag="042" ind1=" " ind2=" "><marc:subfield code="a">pcc</marc:subfield></marc:datafield><marc:datafield tag="043" ind1=" " ind2=" "><marc:subfield code="a">n-us---</marc:subfield></marc:datafield><marc:datafield tag="074" ind1=" " ind2=" "><marc:subfield code="a">0520-B-32 (online)</marc:subfield></marc:datafield><marc:datafield tag="086" ind1="0" ind2=" "><marc:subfield code="a">HS 1.22:07-34</marc:subfield></marc:datafield><marc:datafield tag="110" ind1="1" ind2=" "><marc:subfield code="a">United States.</marc:subfield><marc:subfield code="b">Department of Homeland Security.</marc:subfield><marc:subfield code="b">Office of Inspector General.</marc:subfield><marc:subfield code="0">https://id.loc.gov/authorities/names/no2003062574</marc:subfield></marc:datafield><marc:datafield tag="245" ind1="1" ind2="3"><marc:subfield code="a">An assessment of United States Immigration and Customs Enforcement's fugitive operations teams.</marc:subfield><marc:subfield code="h">[electronic resource] /</marc:subfield><marc:subfield code="c">Department of Homeland Security, Office of Inspector General.</marc:subfield></marc:datafield><marc:datafield tag="264" ind1=" " ind2="1"><marc:subfield code="a">Washington, DC :</marc:subfield><marc:subfield code="b">U.S. Dept. of Homeland Security, Office of Inspector General,</marc:subfield><marc:subfield code="c">[2007]</marc:subfield></marc:datafield><marc:datafield tag="300" ind1=" " ind2=" "><marc:subfield code="a">1 online resource (4 unnumbered pages, 63 pages)</marc:subfield></marc:datafield><marc:datafield tag="336" ind1=" " ind2=" "><marc:subfield code="a">text</marc:subfield><marc:subfield code="b">txt</marc:subfield><marc:subfield code="2">rdacontent</marc:subfield></marc:datafield><marc:datafield tag="337" ind1=" " ind2=" "><marc:subfield code="a">computer</marc:subfield><marc:subfield code="b">c</marc:subfield><marc:subfield code="2">rdamedia</marc:subfield></marc:datafield><marc:datafield tag="338" ind1=" " ind2=" "><marc:subfield code="a">online resource</marc:subfield><marc:subfield code="b">cr</marc:subfield><marc:subfield code="2">rdacarrier</marc:subfield></marc:datafield><marc:datafield tag="500" ind1=" " ind2=" "><marc:subfield code="a">Title from title screen (viewed on July 19, 2012).</marc:subfield></marc:datafield><marc:datafield tag="500" ind1=" " ind2=" "><marc:subfield code="a">&quot;March 2007.&quot;</marc:subfield></marc:datafield><marc:datafield tag="504" ind1=" " ind2=" "><marc:subfield code="a">Includes bibliographical references.</marc:subfield></marc:datafield><marc:datafield tag="500" ind1=" " ind2=" "><marc:subfield code="a">&quot;OIG-07-34.&quot;</marc:subfield></marc:datafield><marc:datafield tag="610" ind1="2" ind2="0"><marc:subfield code="a">U.S. Immigration and Customs Enforcement</marc:subfield><marc:subfield code="x">Evaluation.</marc:subfield></marc:datafield><marc:datafield tag="650" ind1=" " ind2="0"><marc:subfield code="a">Fugitives from justice</marc:subfield><marc:subfield code="z">United States.</marc:subfield></marc:datafield><marc:datafield tag="650" ind1=" " ind2="0"><marc:subfield code="a">Noncitizens</marc:subfield><marc:subfield code="z">United States.</marc:subfield><marc:subfield code="0">https://id.loc.gov/authorities/subjects/sh85003551</marc:subfield></marc:datafield><marc:datafield tag="650" ind1=" " ind2="0"><marc:subfield code="a">Illegal immigration</marc:subfield><marc:subfield code="z">United States.</marc:subfield></marc:datafield><marc:datafield tag="776" ind1="0" ind2="8"><marc:subfield code="i">Print version:</marc:subfield><marc:subfield code="a">United States Department of Homeland Security. Office of Inspector General.</marc:subfield><marc:subfield code="t">assessment of United States Immigration and Customs Enforcement's fugitive operations teams.</marc:subfield><marc:subfield code="w">(OCoLC)123444997</marc:subfield></marc:datafield><marc:datafield tag="856" ind1="4" ind2="0"><marc:subfield code="u">https://purl.fdlp.gov/GPO/gpo25519</marc:subfield></marc:datafield><marc:datafield tag="856" ind1="4" ind2=" "><marc:subfield code="u">http://www.dhs.gov/xoig/assets/mgmtrpts/OIG_07-34_Mar07.pdf</marc:subfield></marc:datafield><marc:datafield tag="994" ind1=" " ind2=" "><marc:subfield code="a">C0</marc:subfield><marc:subfield code="b">GPO</marc:subfield></marc:datafield><marc:datafield tag="049" ind1=" " ind2=" "><marc:subfield code="a">GPOO</marc:subfield></marc:datafield><marc:datafield tag="955" ind1=" " ind2=" "><marc:subfield code="a">ACQ17; bcb23</marc:subfield></marc:datafield><marc:datafield tag="955" ind1=" " ind2=" "><marc:subfield code="a">bca16 20120719</marc:subfield><marc:subfield code="b">20120719</marc:subfield></marc:datafield><marc:datafield tag="955" ind1=" " ind2=" "><marc:subfield code="a">BC104 20240326</marc:subfield></marc:datafield><marc:datafield tag="922" ind1=" " ind2=" "><marc:subfield code="a">PERM_INGEST_04282022</marc:subfield></marc:datafield><marc:datafield tag="922" ind1=" " ind2=" "><marc:subfield code="a">PERM_INGEST_COMPLETE_12262023</marc:subfield></marc:datafield></marc:record>