
<marc:record><marc:leader>02149nas a2200469 i 4500</marc:leader>
<marc:controlfield tag="001">001100114</marc:controlfield>
<marc:controlfield tag="005">20240521151040.0</marc:controlfield><marc:controlfield tag="006">m     o  d f      </marc:controlfield><marc:controlfield tag="007">cr |||||||||||</marc:controlfield><marc:controlfield tag="008">190709c20uu9999mdu x   o    f0    0spa c</marc:controlfield><marc:datafield tag="010" ind1=" " ind2=" "><marc:subfield code="a">2019231304</marc:subfield></marc:datafield><marc:datafield tag="035" ind1=" " ind2=" "><marc:subfield code="a">(OCoLC)1107700278</marc:subfield></marc:datafield><marc:datafield tag="040" ind1=" " ind2=" "><marc:subfield code="a">GPO</marc:subfield><marc:subfield code="b">eng</marc:subfield><marc:subfield code="e">rda</marc:subfield><marc:subfield code="e">pn</marc:subfield><marc:subfield code="c">GPO</marc:subfield></marc:datafield><marc:datafield tag="041" ind1="1" ind2=" "><marc:subfield code="a">spa</marc:subfield><marc:subfield code="h">eng</marc:subfield></marc:datafield><marc:datafield tag="042" ind1=" " ind2=" "><marc:subfield code="a">pcc</marc:subfield></marc:datafield><marc:datafield tag="043" ind1=" " ind2=" "><marc:subfield code="a">n-us---</marc:subfield></marc:datafield><marc:datafield tag="074" ind1=" " ind2=" "><marc:subfield code="a">0447-A-12 (online)</marc:subfield></marc:datafield><marc:datafield tag="086" ind1="0" ind2=" "><marc:subfield code="a">HE 20.3861:EA 8/SPAN./</marc:subfield></marc:datafield><marc:datafield tag="130" ind1="0" ind2=" "><marc:subfield code="a">Healthy eating after 50.</marc:subfield><marc:subfield code="l">Spanish.</marc:subfield></marc:datafield><marc:datafield tag="245" ind1="1" ind2="0"><marc:subfield code="a">Comer saludablemente despues de los 50 anos.</marc:subfield></marc:datafield><marc:datafield tag="264" ind1=" " ind2="1"><marc:subfield code="a">[Gaithersburg, Md.] :</marc:subfield><marc:subfield code="b">Instituto Nacional Sobre el Envejecimiento, Institutos Nacionales de la Salud, Departamento de Salud y Servicios Humanos de los Estados Unidos</marc:subfield></marc:datafield><marc:datafield tag="300" ind1=" " ind2=" "><marc:subfield code="a">1 online resource (volumes).</marc:subfield></marc:datafield><marc:datafield tag="336" ind1=" " ind2=" "><marc:subfield code="a">text</marc:subfield><marc:subfield code="b">txt</marc:subfield><marc:subfield code="2">rdacontent</marc:subfield></marc:datafield><marc:datafield tag="337" ind1=" " ind2=" "><marc:subfield code="a">computer</marc:subfield><marc:subfield code="b">c</marc:subfield><marc:subfield code="2">rdamedia</marc:subfield></marc:datafield><marc:datafield tag="338" ind1=" " ind2=" "><marc:subfield code="a">online resource</marc:subfield><marc:subfield code="b">cr</marc:subfield><marc:subfield code="2">rdacarrier</marc:subfield></marc:datafield><marc:datafield tag="490" ind1="1" ind2=" "><marc:subfield code="a">Vivir mejor la tercera edad</marc:subfield></marc:datafield><marc:datafield tag="500" ind1=" " ind2=" "><marc:subfield code="a">Traducido de ingles a espanol.</marc:subfield></marc:datafield><marc:datafield tag="588" ind1=" " ind2=" "><marc:subfield code="a">Description based on: Marzo 2010; title from PDF caption (GPO website, viewed July 9, 2019).</marc:subfield></marc:datafield><marc:datafield tag="588" ind1=" " ind2=" "><marc:subfield code="a">Latest issue consulted: Octubre 2017 (National Institute on Aging website, viewed July 9, 2019).</marc:subfield></marc:datafield><marc:datafield tag="650" ind1=" " ind2="0"><marc:subfield code="a">Older people</marc:subfield><marc:subfield code="x">Nutrition</marc:subfield><marc:subfield code="z">United States.</marc:subfield></marc:datafield><marc:datafield tag="650" ind1=" " ind2="0"><marc:subfield code="a">Diet</marc:subfield><marc:subfield code="x">Health aspects.</marc:subfield></marc:datafield><marc:datafield tag="710" ind1="2" ind2=" "><marc:subfield code="a">National Institute on Aging,</marc:subfield><marc:subfield code="0">https://id.loc.gov/authorities/names/n80034377</marc:subfield><marc:subfield code="e">issuing body.</marc:subfield></marc:datafield><marc:datafield tag="775" ind1="0" ind2="8"><marc:subfield code="i">English version:</marc:subfield><marc:subfield code="t">Healthy eating after 50</marc:subfield><marc:subfield code="w">(DLC) 2019231302</marc:subfield><marc:subfield code="w">(OCoLC)1107699810</marc:subfield></marc:datafield><marc:datafield tag="776" ind1="0" ind2="8"><marc:subfield code="i">Print version:</marc:subfield><marc:subfield code="t">Healthy eating after 50. Spanish. Comer saludablemente despues de los 50 anos</marc:subfield><marc:subfield code="w">(DLC) 2019231305</marc:subfield><marc:subfield code="w">(OCoLC)1107700155</marc:subfield></marc:datafield><marc:datafield tag="830" ind1=" " ind2="0"><marc:subfield code="a">Age page.</marc:subfield><marc:subfield code="0">https://id.loc.gov/authorities/names/n86713013</marc:subfield></marc:datafield><marc:datafield tag="856" ind1="4" ind2="0"><marc:subfield code="3">Current issue</marc:subfield><marc:subfield code="u">https://purl.fdlp.gov/GPO/gpo122852</marc:subfield></marc:datafield><marc:datafield tag="856" ind1="4" ind2=" "><marc:subfield code="z">Address at time of PURL creation</marc:subfield><marc:subfield code="3">Current issue</marc:subfield><marc:subfield code="u">https://order.nia.nih.gov/publication/comer-saludablemente-despus-de-los-50-aos-healthy-eating-after-50</marc:subfield></marc:datafield><marc:datafield tag="856" ind1="4" ind2="0"><marc:subfield code="3">Archived issues</marc:subfield><marc:subfield code="u">https://purl.fdlp.gov/GPO/gpo122853</marc:subfield></marc:datafield><marc:datafield tag="994" ind1=" " ind2=" "><marc:subfield code="a">C0</marc:subfield><marc:subfield code="b">GPO</marc:subfield></marc:datafield><marc:datafield tag="049" ind1=" " ind2=" "><marc:subfield code="a">GPOO</marc:subfield></marc:datafield><marc:datafield tag="955" ind1=" " ind2=" "><marc:subfield code="a">BC14</marc:subfield></marc:datafield><marc:datafield tag="955" ind1=" " ind2=" "><marc:subfield code="a">bca59 20190709</marc:subfield><marc:subfield code="b">20190709</marc:subfield></marc:datafield></marc:record>