
<marc:record><marc:leader>02466nam a2200433 i 4500</marc:leader>
<marc:controlfield tag="001">001101768</marc:controlfield>
<marc:controlfield tag="005">20240521145542.0</marc:controlfield><marc:controlfield tag="006">m     o  d f      </marc:controlfield><marc:controlfield tag="007">cr mn|||||||||</marc:controlfield><marc:controlfield tag="008">190701s2018    flua    o    f100 0 eng c</marc:controlfield><marc:datafield tag="035" ind1=" " ind2=" "><marc:subfield code="a">(OCoLC)1106555601</marc:subfield></marc:datafield><marc:datafield tag="040" ind1=" " ind2=" "><marc:subfield code="a">GPO</marc:subfield><marc:subfield code="b">eng</marc:subfield><marc:subfield code="e">rda</marc:subfield><marc:subfield code="e">pn</marc:subfield><marc:subfield code="c">GPO</marc:subfield></marc:datafield><marc:datafield tag="042" ind1=" " ind2=" "><marc:subfield code="a">pcc</marc:subfield></marc:datafield><marc:datafield tag="043" ind1=" " ind2=" "><marc:subfield code="a">n-us---</marc:subfield></marc:datafield><marc:datafield tag="074" ind1=" " ind2=" "><marc:subfield code="a">0192 (online)</marc:subfield></marc:datafield><marc:datafield tag="086" ind1="0" ind2=" "><marc:subfield code="a">C 55.402:SH 4/2</marc:subfield></marc:datafield><marc:datafield tag="111" ind1="2" ind2=" "><marc:subfield code="a">Shellfish Aquaculture Gear Management Workshop</marc:subfield><marc:subfield code="d">(2018 :</marc:subfield><marc:subfield code="c">Cedar Key, Fla.),</marc:subfield><marc:subfield code="0">https://id.loc.gov/authorities/names/no2019096269</marc:subfield><marc:subfield code="j">author.</marc:subfield></marc:datafield><marc:datafield tag="245" ind1="1" ind2="0"><marc:subfield code="a">Shellfish Aquaculture Gear Management Workshop 2018.</marc:subfield></marc:datafield><marc:datafield tag="246" ind1="1" ind2=" "><marc:subfield code="i">Title from PDF link:</marc:subfield><marc:subfield code="a">2018 Florida Shellfish Aquaculture Gear Management Workshop proceedings</marc:subfield></marc:datafield><marc:datafield tag="264" ind1=" " ind2="1"><marc:subfield code="a">[Tallahassee, Fla.] :</marc:subfield><marc:subfield code="b">Florida Department of Agriculture and Consumer Services, Division of Aquaculture ;</marc:subfield><marc:subfield code="a">[Silver Spring, Md.] :</marc:subfield><marc:subfield code="b">National Marine Sanctuary Foundation :</marc:subfield><marc:subfield code="b">NOAA, [Marine Debris Program],</marc:subfield><marc:subfield code="c">[2018]</marc:subfield></marc:datafield><marc:datafield tag="300" ind1=" " ind2=" "><marc:subfield code="a">1 online resource (8 pages) :</marc:subfield><marc:subfield code="b">color illustrations</marc:subfield></marc:datafield><marc:datafield tag="336" ind1=" " ind2=" "><marc:subfield code="a">text</marc:subfield><marc:subfield code="b">txt</marc:subfield><marc:subfield code="2">rdacontent</marc:subfield></marc:datafield><marc:datafield tag="337" ind1=" " ind2=" "><marc:subfield code="a">computer</marc:subfield><marc:subfield code="b">c</marc:subfield><marc:subfield code="2">rdamedia</marc:subfield></marc:datafield><marc:datafield tag="338" ind1=" " ind2=" "><marc:subfield code="a">online resource</marc:subfield><marc:subfield code="b">cr</marc:subfield><marc:subfield code="2">rdacarrier</marc:subfield></marc:datafield><marc:datafield tag="588" ind1=" " ind2=" "><marc:subfield code="a">Description based on online resource; title from PDF caption (Marine Debris Program website, viewed July 1, 2019).</marc:subfield></marc:datafield><marc:datafield tag="650" ind1=" " ind2="0"><marc:subfield code="a">Shellfish</marc:subfield><marc:subfield code="x">Effect of fishing on</marc:subfield><marc:subfield code="z">Florida</marc:subfield><marc:subfield code="z">Cedar Key</marc:subfield><marc:subfield code="v">Congresses.</marc:subfield></marc:datafield><marc:datafield tag="650" ind1=" " ind2="0"><marc:subfield code="a">Shellfish fisheries</marc:subfield><marc:subfield code="x">Equipment and supplies</marc:subfield><marc:subfield code="x">Environmental aspects</marc:subfield><marc:subfield code="z">Florida</marc:subfield><marc:subfield code="z">Cedar Key</marc:subfield><marc:subfield code="v">Congresses.</marc:subfield></marc:datafield><marc:datafield tag="650" ind1=" " ind2="0"><marc:subfield code="a">Marine debris</marc:subfield><marc:subfield code="x">Environmental aspects</marc:subfield><marc:subfield code="z">Florida</marc:subfield><marc:subfield code="z">Cedar Key</marc:subfield><marc:subfield code="v">Congresses.</marc:subfield></marc:datafield><marc:datafield tag="650" ind1=" " ind2="0"><marc:subfield code="a">Aquaculture industry</marc:subfield><marc:subfield code="z">Florida</marc:subfield><marc:subfield code="z">Cedar Key</marc:subfield><marc:subfield code="v">Congresses.</marc:subfield></marc:datafield><marc:datafield tag="650" ind1=" " ind2="0"><marc:subfield code="a">Shellfish culture</marc:subfield><marc:subfield code="z">Florida</marc:subfield><marc:subfield code="z">Cedar Key</marc:subfield><marc:subfield code="v">Congresses.</marc:subfield></marc:datafield><marc:datafield tag="655" ind1=" " ind2="7"><marc:subfield code="a">Conference papers and proceedings.</marc:subfield><marc:subfield code="2">lcgft</marc:subfield><marc:subfield code="0">https://id.loc.gov/authorities/genreForms/gf2014026068</marc:subfield></marc:datafield><marc:datafield tag="710" ind1="1" ind2=" "><marc:subfield code="a">Florida.</marc:subfield><marc:subfield code="b">Department of Agriculture and Consumer Services.</marc:subfield><marc:subfield code="b">Division of Aquaculture,</marc:subfield><marc:subfield code="0">https://id.loc.gov/authorities/names/no2001024386</marc:subfield><marc:subfield code="e">issuing body.</marc:subfield></marc:datafield><marc:datafield tag="710" ind1="2" ind2=" "><marc:subfield code="a">National Marine Sanctuary Foundation (U.S.),</marc:subfield><marc:subfield code="0">https://id.loc.gov/authorities/names/no2007050033</marc:subfield><marc:subfield code="e">sponsoring body.</marc:subfield></marc:datafield><marc:datafield tag="710" ind1="2" ind2=" "><marc:subfield code="a">Marine Debris Program (U.S.),</marc:subfield><marc:subfield code="0">https://id.loc.gov/authorities/names/no2010207648</marc:subfield><marc:subfield code="e">sponsoring body.</marc:subfield></marc:datafield><marc:datafield tag="856" ind1="4" ind2="0"><marc:subfield code="u">https://purl.fdlp.gov/GPO/gpo122147</marc:subfield></marc:datafield><marc:datafield tag="856" ind1="4" ind2=" "><marc:subfield code="z">Address at time of PURL creation</marc:subfield><marc:subfield code="u">https://marinedebris.noaa.gov/reports-and-technical-memos</marc:subfield><marc:subfield code="z">Title found under &quot;Reports&quot;</marc:subfield></marc:datafield><marc:datafield tag="994" ind1=" " ind2=" "><marc:subfield code="a">C0</marc:subfield><marc:subfield code="b">GPO</marc:subfield></marc:datafield><marc:datafield tag="049" ind1=" " ind2=" "><marc:subfield code="a">XZL4</marc:subfield></marc:datafield><marc:datafield tag="955" ind1=" " ind2=" "><marc:subfield code="a">bca59 20190701</marc:subfield><marc:subfield code="b">20190701</marc:subfield></marc:datafield></marc:record>