
<marc:record><marc:leader>02917nam a2200481 i 4500</marc:leader>
<marc:controlfield tag="001">001230786</marc:controlfield>
<marc:controlfield tag="005">20240508083234.0</marc:controlfield><marc:controlfield tag="008">240312s2023    txua     b   f001 0 eng c</marc:controlfield><marc:datafield tag="035" ind1=" " ind2=" "><marc:subfield code="a">(OCoLC)1425978482</marc:subfield></marc:datafield><marc:datafield tag="040" ind1=" " ind2=" "><marc:subfield code="a">GPO</marc:subfield><marc:subfield code="b">eng</marc:subfield><marc:subfield code="e">rda</marc:subfield><marc:subfield code="c">GPO</marc:subfield></marc:datafield><marc:datafield tag="042" ind1=" " ind2=" "><marc:subfield code="a">pcc</marc:subfield></marc:datafield><marc:datafield tag="043" ind1=" " ind2=" "><marc:subfield code="a">n-us---</marc:subfield></marc:datafield><marc:datafield tag="086" ind1="0" ind2=" "><marc:subfield code="a">D 104.35:M 45/PT.1-3</marc:subfield></marc:datafield><marc:datafield tag="245" ind1="0" ind2="0"><marc:subfield code="a">Combat medic specialist fieldcraft /</marc:subfield><marc:subfield code="c">senior editor, Michael W. Davis.</marc:subfield></marc:datafield><marc:datafield tag="250" ind1=" " ind2=" "><marc:subfield code="a">First edition.</marc:subfield></marc:datafield><marc:datafield tag="264" ind1=" " ind2="1"><marc:subfield code="a">Fort Sam Houston, Texas :</marc:subfield><marc:subfield code="b">Borden Institute, US Army Medical Department Center and School, Medical Center of Excellence ;</marc:subfield><marc:subfield code="a">Falls Church, Virginia :</marc:subfield><marc:subfield code="b">Office of the Surgeon General, United States Army,</marc:subfield><marc:subfield code="c">[2023]</marc:subfield></marc:datafield><marc:datafield tag="300" ind1=" " ind2=" "><marc:subfield code="a">3 volumes :</marc:subfield><marc:subfield code="b">color illustrations ;</marc:subfield><marc:subfield code="c">28 cm.</marc:subfield></marc:datafield><marc:datafield tag="336" ind1=" " ind2=" "><marc:subfield code="a">text</marc:subfield><marc:subfield code="b">txt</marc:subfield><marc:subfield code="2">rdacontent</marc:subfield></marc:datafield><marc:datafield tag="337" ind1=" " ind2=" "><marc:subfield code="a">unmediated</marc:subfield><marc:subfield code="b">n</marc:subfield><marc:subfield code="2">rdamedia</marc:subfield></marc:datafield><marc:datafield tag="338" ind1=" " ind2=" "><marc:subfield code="a">volume</marc:subfield><marc:subfield code="b">nc</marc:subfield><marc:subfield code="2">rdacarrier</marc:subfield></marc:datafield><marc:datafield tag="490" ind1="1" ind2=" "><marc:subfield code="a">[Textbooks of military medicine] / Borden Institute</marc:subfield></marc:datafield><marc:datafield tag="500" ind1=" " ind2=" "><marc:subfield code="a">&quot;Part 3 of a 3 part series.&quot;</marc:subfield></marc:datafield><marc:datafield tag="500" ind1=" " ind2=" "><marc:subfield code="a">Shipping list no.: 2024-0020-S (pt. 3), 2024-0030-S (pt.1)</marc:subfield></marc:datafield><marc:datafield tag="500" ind1=" " ind2=" "><marc:subfield code="a">&quot;Part 2, Fieldcraft I, contains combat medic skills that are undergoing significant revision. Therefore, this volume will be published last to ensure the most current information is included&quot;--Publisher's website, as of April 2024 part 2 not released yet.</marc:subfield></marc:datafield><marc:datafield tag="500" ind1=" " ind2=" "><marc:subfield code="a">In scope of the U.S. Government Publishing Office Catalog and Indexing Program (C&amp;I) and Federal Depository Library Program (FDLP).</marc:subfield></marc:datafield><marc:datafield tag="504" ind1=" " ind2=" "><marc:subfield code="a">Includes bibliographical references and index.</marc:subfield></marc:datafield><marc:datafield tag="505" ind1="0" ind2=" "><marc:subfield code="a">pt.1 Limited primary care -- pt.2 Fieldcraft I -- pt.3 Fieldcraft II.</marc:subfield></marc:datafield><marc:datafield tag="588" ind1=" " ind2=" "><marc:subfield code="a">Description based on: Part 3; title from cover.</marc:subfield></marc:datafield><marc:datafield tag="651" ind1=" " ind2="0"><marc:subfield code="a">United States</marc:subfield><marc:subfield code="x">Armed Forces</marc:subfield><marc:subfield code="x">Medical care.</marc:subfield><marc:subfield code="0">https://id.loc.gov/authorities/subjects/sh85139845</marc:subfield></marc:datafield><marc:datafield tag="651" ind1=" " ind2="0"><marc:subfield code="a">United States</marc:subfield><marc:subfield code="x">Armed Forces</marc:subfield><marc:subfield code="x">Medical personnel.</marc:subfield><marc:subfield code="0">https://id.loc.gov/authorities/subjects/sh85139848</marc:subfield></marc:datafield><marc:datafield tag="650" ind1=" " ind2="0"><marc:subfield code="a">Medicine, Military</marc:subfield><marc:subfield code="z">United States</marc:subfield><marc:subfield code="x">Methods.</marc:subfield></marc:datafield><marc:datafield tag="650" ind1=" " ind2="0"><marc:subfield code="a">Wounds and injuries</marc:subfield><marc:subfield code="z">United States.</marc:subfield></marc:datafield><marc:datafield tag="700" ind1="1" ind2=" "><marc:subfield code="a">Davis, Michael W.</marc:subfield><marc:subfield code="c">(NREMTP),</marc:subfield><marc:subfield code="0">https://id.loc.gov/authorities/names/n2023180825</marc:subfield><marc:subfield code="e">editor.</marc:subfield></marc:datafield><marc:datafield tag="710" ind1="2" ind2=" "><marc:subfield code="a">Borden Institute (U.S.),</marc:subfield><marc:subfield code="0">https://id.loc.gov/authorities/names/no98116697</marc:subfield><marc:subfield code="e">issuing body.</marc:subfield></marc:datafield><marc:datafield tag="710" ind1="1" ind2=" "><marc:subfield code="a">United States.</marc:subfield><marc:subfield code="b">Department of the Army.</marc:subfield><marc:subfield code="b">Office of the Surgeon General,</marc:subfield><marc:subfield code="0">https://id.loc.gov/authorities/names/n82166450</marc:subfield><marc:subfield code="e">issuing body.</marc:subfield></marc:datafield><marc:datafield tag="776" ind1="0" ind2="8"><marc:subfield code="i">Online version:</marc:subfield><marc:subfield code="t">Combat medic specialist fieldcraft.</marc:subfield><marc:subfield code="b">First edition.</marc:subfield><marc:subfield code="d">Fort Sam Houston, Texas : Borden Institute, US Army Medical Department Center and School, Medical Center of Excellence ; Falls Church, Virginia : Office of the Surgeon General, United States Army, [2023]</marc:subfield><marc:subfield code="w">(OCoLC)1426307966</marc:subfield></marc:datafield><marc:datafield tag="830" ind1=" " ind2="0"><marc:subfield code="a">Textbooks of military medicine.</marc:subfield><marc:subfield code="0">https://id.loc.gov/authorities/names/n2002133516</marc:subfield></marc:datafield><marc:datafield tag="994" ind1=" " ind2=" "><marc:subfield code="a">C0</marc:subfield><marc:subfield code="b">GPO</marc:subfield></marc:datafield><marc:datafield tag="049" ind1=" " ind2=" "><marc:subfield code="a">GPOO</marc:subfield></marc:datafield><marc:datafield tag="955" ind1=" " ind2=" "><marc:subfield code="a">bc97 20230705, 20230905</marc:subfield></marc:datafield><marc:datafield tag="955" ind1=" " ind2=" "><marc:subfield code="a">BC104 20240312</marc:subfield><marc:subfield code="b">20240315</marc:subfield></marc:datafield><marc:datafield tag="955" ind1=" " ind2=" "><marc:subfield code="a">bc102 20240508</marc:subfield></marc:datafield><marc:datafield tag="922" ind1=" " ind2=" "><marc:subfield code="a">BIBCONEW</marc:subfield><marc:subfield code="b">20240312</marc:subfield></marc:datafield></marc:record>